%YAML 1.1
%TAG !u! tag:unity3d.com,2011:
--- !u!1 &874647419336408045
GameObject:
  m_ObjectHideFlags: 0
  m_CorrespondingSourceObject: {fileID: 0}
  m_PrefabInstance: {fileID: 0}
  m_PrefabAsset: {fileID: 0}
  serializedVersion: 6
  m_Component:
  - component: {fileID: 874647419336408044}
  m_Layer: 0
  m_Name: Visuals
  m_TagString: Untagged
  m_Icon: {fileID: 0}
  m_NavMeshLayer: 0
  m_StaticEditorFlags: 0
  m_IsActive: 1
--- !u!4 &874647419336408044
Transform:
  m_ObjectHideFlags: 0
  m_CorrespondingSourceObject: {fileID: 0}
  m_PrefabInstance: {fileID: 0}
  m_PrefabAsset: {fileID: 0}
  m_GameObject: {fileID: 874647419336408045}
  m_LocalRotation: {x: 0, y: 0, z: 0, w: 1}
  m_LocalPosition: {x: 0, y: 0, z: 0}
  m_LocalScale: {x: 1, y: 1, z: 1}
  m_Children:
  - {fileID: 874647420793777275}
  m_Father: {fileID: 874647420272021062}
  m_RootOrder: 0
  m_LocalEulerAnglesHint: {x: 0, y: 0, z: 0}
--- !u!1 &874647420181276538
GameObject:
  m_ObjectHideFlags: 0
  m_CorrespondingSourceObject: {fileID: 0}
  m_PrefabInstance: {fileID: 0}
  m_PrefabAsset: {fileID: 0}
  serializedVersion: 6
  m_Component:
  - component: {fileID: 874647420181276537}
  - component: {fileID: 874647420181276536}
  - component: {fileID: 874647420181276535}
  m_Layer: 0
  m_Name: Sensors
  m_TagString: Untagged
  m_Icon: {fileID: 0}
  m_NavMeshLayer: 0
  m_StaticEditorFlags: 0
  m_IsActive: 1
--- !u!4 &874647420181276537
Transform:
  m_ObjectHideFlags: 0
  m_CorrespondingSourceObject: {fileID: 0}
  m_PrefabInstance: {fileID: 0}
  m_PrefabAsset: {fileID: 0}
  m_GameObject: {fileID: 874647420181276538}
  m_LocalRotation: {x: 0, y: 0, z: 0, w: 1}
  m_LocalPosition: {x: 0, y: 0, z: 0}
  m_LocalScale: {x: 1, y: 1, z: 1}
  m_Children: []
  m_Father: {fileID: 874647420272021062}
  m_RootOrder: 1
  m_LocalEulerAnglesHint: {x: 0, y: 0, z: 0}
--- !u!114 &874647420181276536
MonoBehaviour:
  m_ObjectHideFlags: 0
  m_CorrespondingSourceObject: {fileID: 0}
  m_PrefabInstance: {fileID: 0}
  m_PrefabAsset: {fileID: 0}
  m_GameObject: {fileID: 874647420181276538}
  m_Enabled: 1
  m_EditorHideFlags: 0
  m_Script: {fileID: 11500000, guid: f67c7e722ba14acd9153bb4488bff6e4, type: 3}
  m_Name: 
  m_EditorClassIdentifier: 
  m_SensorName: RayPerceptionSensor
  m_DetectableTags:
  - Table
  - Player
  - Tomato
  - Plate
  - Pot
  - Serving
  - TomatoSoup
  m_RaysPerDirection: 4
  m_MaxRayDegrees: 180
  m_SphereCastRadius: 0.1
  m_RayLength: 5
  m_RayLayerMask:
    serializedVersion: 2
    m_Bits: 768
  m_ObservationStacks: 1
  rayHitColor: {r: 1, g: 0, b: 0, a: 1}
  rayMissColor: {r: 1, g: 1, b: 1, a: 1}
--- !u!114 &874647420181276535
MonoBehaviour:
  m_ObjectHideFlags: 0
  m_CorrespondingSourceObject: {fileID: 0}
  m_PrefabInstance: {fileID: 0}
  m_PrefabAsset: {fileID: 0}
  m_GameObject: {fileID: 874647420181276538}
  m_Enabled: 1
  m_EditorHideFlags: 0
  m_Script: {fileID: 11500000, guid: d341cb6a48d86bd4f95fb596fa5c1eaa, type: 3}
  m_Name: 
  m_EditorClassIdentifier: 
  _distance: 0.8
  _layerMask:
    serializedVersion: 2
    m_Bits: 512
--- !u!1 &874647420272021063
GameObject:
  m_ObjectHideFlags: 0
  m_CorrespondingSourceObject: {fileID: 0}
  m_PrefabInstance: {fileID: 0}
  m_PrefabAsset: {fileID: 0}
  serializedVersion: 6
  m_Component:
  - component: {fileID: 874647420272021062}
  - component: {fileID: 874647420272021061}
  - component: {fileID: 874647420272021059}
  - component: {fileID: 874647420272021057}
  - component: {fileID: 874647420272021058}
  - component: {fileID: 874647420272021056}
  - component: {fileID: 874647420272021087}
  - component: {fileID: 874647420272021086}
  - component: {fileID: 874647420272021085}
  - component: {fileID: 874647420272021060}
  - component: {fileID: 874647420272021084}
  - component: {fileID: 208778141968129709}
  m_Layer: 8
  m_Name: Player
  m_TagString: Player
  m_Icon: {fileID: 0}
  m_NavMeshLayer: 0
  m_StaticEditorFlags: 0
  m_IsActive: 1
--- !u!4 &874647420272021062
Transform:
  m_ObjectHideFlags: 0
  m_CorrespondingSourceObject: {fileID: 0}
  m_PrefabInstance: {fileID: 0}
  m_PrefabAsset: {fileID: 0}
  m_GameObject: {fileID: 874647420272021063}
  m_LocalRotation: {x: -0, y: -0, z: -0, w: 1}
  m_LocalPosition: {x: 0, y: 0.5, z: 0}
  m_LocalScale: {x: 1, y: 1, z: 1}
  m_Children:
  - {fileID: 874647419336408044}
  - {fileID: 874647420181276537}
  m_Father: {fileID: 0}
  m_RootOrder: 0
  m_LocalEulerAnglesHint: {x: 0, y: 0, z: 0}
--- !u!114 &874647420272021061
MonoBehaviour:
  m_ObjectHideFlags: 0
  m_CorrespondingSourceObject: {fileID: 0}
  m_PrefabInstance: {fileID: 0}
  m_PrefabAsset: {fileID: 0}
  m_GameObject: {fileID: 874647420272021063}
  m_Enabled: 1
  m_EditorHideFlags: 0
  m_Script: {fileID: 11500000, guid: 6a9b7b0a2f175594a9ff298144602397, type: 3}
  m_Name: 
  m_EditorClassIdentifier: 
  agentParameters:
    maxStep: 0
  hasUpgradedFromAgentParameters: 1
  MaxStep: 1000
  _episodeEnd:
    m_PersistentCalls:
      m_Calls: []
--- !u!114 &874647420272021059
MonoBehaviour:
  m_ObjectHideFlags: 0
  m_CorrespondingSourceObject: {fileID: 0}
  m_PrefabInstance: {fileID: 0}
  m_PrefabAsset: {fileID: 0}
  m_GameObject: {fileID: 874647420272021063}
  m_Enabled: 1
  m_EditorHideFlags: 0
  m_Script: {fileID: 11500000, guid: 5d1c4e0b1822b495aa52bc52839ecb30, type: 3}
  m_Name: 
  m_EditorClassIdentifier: 
  m_BrainParameters:
    VectorObservationSize: 21
    NumStackedVectorObservations: 2
    VectorActionSize: 0500000002000000
    VectorActionDescriptions: []
    VectorActionSpaceType: 0
  m_Model: {fileID: 0}
  m_InferenceDevice: 0
  m_BehaviorType: 0
  m_BehaviorName: Overcooked
  TeamId: 0
  m_UseChildSensors: 1
--- !u!114 &874647420272021057
MonoBehaviour:
  m_ObjectHideFlags: 0
  m_CorrespondingSourceObject: {fileID: 0}
  m_PrefabInstance: {fileID: 0}
  m_PrefabAsset: {fileID: 0}
  m_GameObject: {fileID: 874647420272021063}
  m_Enabled: 1
  m_EditorHideFlags: 0
  m_Script: {fileID: 11500000, guid: fb2698352c7af4c4d80a519ea4fad437, type: 3}
  m_Name: 
  m_EditorClassIdentifier: 
  _moveSpeed: 5
--- !u!114 &874647420272021058
MonoBehaviour:
  m_ObjectHideFlags: 0
  m_CorrespondingSourceObject: {fileID: 0}
  m_PrefabInstance: {fileID: 0}
  m_PrefabAsset: {fileID: 0}
  m_GameObject: {fileID: 874647420272021063}
  m_Enabled: 1
  m_EditorHideFlags: 0
  m_Script: {fileID: 11500000, guid: 689b15c5fb3c6a5469e1a02db752cb3d, type: 3}
  m_Name: 
  m_EditorClassIdentifier: 
  _isInputedAccepted: 1
--- !u!50 &874647420272021056
Rigidbody2D:
  serializedVersion: 4
  m_ObjectHideFlags: 0
  m_CorrespondingSourceObject: {fileID: 0}
  m_PrefabInstance: {fileID: 0}
  m_PrefabAsset: {fileID: 0}
  m_GameObject: {fileID: 874647420272021063}
  m_BodyType: 0
  m_Simulated: 1
  m_UseFullKinematicContacts: 0
  m_UseAutoMass: 0
  m_Mass: 1
  m_LinearDrag: 0
  m_AngularDrag: 0.05
  m_GravityScale: 0
  m_Material: {fileID: 6200000, guid: c283f1895f970e64e81913a7065ccb6a, type: 2}
  m_Interpolate: 0
  m_SleepingMode: 1
  m_CollisionDetection: 0
  m_Constraints: 4
--- !u!114 &874647420272021087
MonoBehaviour:
  m_ObjectHideFlags: 0
  m_CorrespondingSourceObject: {fileID: 0}
  m_PrefabInstance: {fileID: 0}
  m_PrefabAsset: {fileID: 0}
  m_GameObject: {fileID: 874647420272021063}
  m_Enabled: 1
  m_EditorHideFlags: 0
  m_Script: {fileID: 11500000, guid: f9e8c4e2519fb014ca0cbbe4cd957f60, type: 3}
  m_Name: 
  m_EditorClassIdentifier: 
  _pot: {fileID: 0}
  _otherChef: {fileID: 0}
--- !u!114 &874647420272021086
MonoBehaviour:
  m_ObjectHideFlags: 0
  m_CorrespondingSourceObject: {fileID: 0}
  m_PrefabInstance: {fileID: 0}
  m_PrefabAsset: {fileID: 0}
  m_GameObject: {fileID: 874647420272021063}
  m_Enabled: 1
  m_EditorHideFlags: 0
  m_Script: {fileID: 11500000, guid: 3a5c9d521e5ef4759a8246a07d52221e, type: 3}
  m_Name: 
  m_EditorClassIdentifier: 
  DecisionPeriod: 5
  TakeActionsBetweenDecisions: 1
--- !u!114 &874647420272021085
MonoBehaviour:
  m_ObjectHideFlags: 0
  m_CorrespondingSourceObject: {fileID: 0}
  m_PrefabInstance: {fileID: 0}
  m_PrefabAsset: {fileID: 0}
  m_GameObject: {fileID: 874647420272021063}
  m_Enabled: 1
  m_EditorHideFlags: 0
  m_Script: {fileID: 11500000, guid: fccfa1060c8dc4d4597bd94d9b1b507a, type: 3}
  m_Name: 
  m_EditorClassIdentifier: 
  m_StateChanged:
    m_PersistentCalls:
      m_Calls:
      - m_Target: {fileID: 874647420793777273}
        m_TargetAssemblyTypeName: StaticVisuals, Assembly-CSharp
        m_MethodName: UpdateVisuals
        m_Mode: 1
        m_Arguments:
          m_ObjectArgument: {fileID: 0}
          m_ObjectArgumentAssemblyTypeName: UnityEngine.Object, UnityEngine
          m_IntArgument: 0
          m_FloatArgument: 0
          m_StringArgument: 
          m_BoolArgument: 0
        m_CallState: 2
--- !u!70 &874647420272021060
CapsuleCollider2D:
  m_ObjectHideFlags: 0
  m_CorrespondingSourceObject: {fileID: 0}
  m_PrefabInstance: {fileID: 0}
  m_PrefabAsset: {fileID: 0}
  m_GameObject: {fileID: 874647420272021063}
  m_Enabled: 1
  m_Density: 1
  m_Material: {fileID: 0}
  m_IsTrigger: 0
  m_UsedByEffector: 0
  m_UsedByComposite: 0
  m_Offset: {x: 0, y: 0}
  m_Size: {x: 0.5, y: 1}
  m_Direction: 0
--- !u!114 &874647420272021084
MonoBehaviour:
  m_ObjectHideFlags: 0
  m_CorrespondingSourceObject: {fileID: 0}
  m_PrefabInstance: {fileID: 0}
  m_PrefabAsset: {fileID: 0}
  m_GameObject: {fileID: 874647420272021063}
  m_Enabled: 1
  m_EditorHideFlags: 0
  m_Script: {fileID: 11500000, guid: f807e5b9f1378a4448712db3c3df4fb2, type: 3}
  m_Name: 
  m_EditorClassIdentifier: 
--- !u!114 &208778141968129709
MonoBehaviour:
  m_ObjectHideFlags: 0
  m_CorrespondingSourceObject: {fileID: 0}
  m_PrefabInstance: {fileID: 0}
  m_PrefabAsset: {fileID: 0}
  m_GameObject: {fileID: 874647420272021063}
  m_Enabled: 1
  m_EditorHideFlags: 0
  m_Script: {fileID: 11500000, guid: a00560daaf820fb4a8fb4761a2e6b9fc, type: 3}
  m_Name: 
  m_EditorClassIdentifier: 
  _otherChefAgent: {fileID: 0}
--- !u!1 &874647420793777276
GameObject:
  m_ObjectHideFlags: 0
  m_CorrespondingSourceObject: {fileID: 0}
  m_PrefabInstance: {fileID: 0}
  m_PrefabAsset: {fileID: 0}
  serializedVersion: 6
  m_Component:
  - component: {fileID: 874647420793777275}
  - component: {fileID: 874647420793777274}
  - component: {fileID: 874647420793777272}
  - component: {fileID: 874647420793777273}
  m_Layer: 0
  m_Name: ChefSprite
  m_TagString: Untagged
  m_Icon: {fileID: 0}
  m_NavMeshLayer: 0
  m_StaticEditorFlags: 0
  m_IsActive: 1
--- !u!4 &874647420793777275
Transform:
  m_ObjectHideFlags: 0
  m_CorrespondingSourceObject: {fileID: 0}
  m_PrefabInstance: {fileID: 0}
  m_PrefabAsset: {fileID: 0}
  m_GameObject: {fileID: 874647420793777276}
  m_LocalRotation: {x: -0, y: -0, z: -0, w: 1}
  m_LocalPosition: {x: 0, y: 0, z: 0}
  m_LocalScale: {x: 0.8, y: 0.8, z: 1}
  m_Children: []
  m_Father: {fileID: 874647419336408044}
  m_RootOrder: 0
  m_LocalEulerAnglesHint: {x: 0, y: 0, z: 0}
--- !u!212 &874647420793777274
SpriteRenderer:
  m_ObjectHideFlags: 0
  m_CorrespondingSourceObject: {fileID: 0}
  m_PrefabInstance: {fileID: 0}
  m_PrefabAsset: {fileID: 0}
  m_GameObject: {fileID: 874647420793777276}
  m_Enabled: 1
  m_CastShadows: 0
  m_ReceiveShadows: 0
  m_DynamicOccludee: 1
  m_MotionVectors: 1
  m_LightProbeUsage: 1
  m_ReflectionProbeUsage: 1
  m_RayTracingMode: 0
  m_RayTraceProcedural: 0
  m_RenderingLayerMask: 1
  m_RendererPriority: 0
  m_Materials:
  - {fileID: 2100000, guid: a97c105638bdf8b4a8650670310a4cd3, type: 2}
  m_StaticBatchInfo:
    firstSubMesh: 0
    subMeshCount: 0
  m_StaticBatchRoot: {fileID: 0}
  m_ProbeAnchor: {fileID: 0}
  m_LightProbeVolumeOverride: {fileID: 0}
  m_ScaleInLightmap: 1
  m_ReceiveGI: 1
  m_PreserveUVs: 0
  m_IgnoreNormalsForChartDetection: 0
  m_ImportantGI: 0
  m_StitchLightmapSeams: 1
  m_SelectedEditorRenderState: 0
  m_MinimumChartSize: 4
  m_AutoUVMaxDistance: 0.5
  m_AutoUVMaxAngle: 89
  m_LightmapParameters: {fileID: 0}
  m_SortingLayerID: 0
  m_SortingLayer: 0
  m_SortingOrder: 0
  m_Sprite: {fileID: 21300000, guid: a6d7d283f90536443b4c93947fa3cff5, type: 3}
  m_Color: {r: 1, g: 1, b: 1, a: 1}
  m_FlipX: 0
  m_FlipY: 0
  m_DrawMode: 0
  m_Size: {x: 1, y: 1}
  m_AdaptiveModeThreshold: 0.5
  m_SpriteTileMode: 0
  m_WasSpriteAssigned: 1
  m_MaskInteraction: 0
  m_SpriteSortPoint: 0
--- !u!95 &874647420793777272
Animator:
  serializedVersion: 3
  m_ObjectHideFlags: 0
  m_CorrespondingSourceObject: {fileID: 0}
  m_PrefabInstance: {fileID: 0}
  m_PrefabAsset: {fileID: 0}
  m_GameObject: {fileID: 874647420793777276}
  m_Enabled: 1
  m_Avatar: {fileID: 0}
  m_Controller: {fileID: 9100000, guid: d1e40ffceb3fe1d46b24597422cafcdf, type: 2}
  m_CullingMode: 0
  m_UpdateMode: 0
  m_ApplyRootMotion: 0
  m_LinearVelocityBlending: 0
  m_WarningMessage: 
  m_HasTransformHierarchy: 1
  m_AllowConstantClipSamplingOptimization: 1
  m_KeepAnimatorControllerStateOnDisable: 0
--- !u!114 &874647420793777273
MonoBehaviour:
  m_ObjectHideFlags: 0
  m_CorrespondingSourceObject: {fileID: 0}
  m_PrefabInstance: {fileID: 0}
  m_PrefabAsset: {fileID: 0}
  m_GameObject: {fileID: 874647420793777276}
  m_Enabled: 1
  m_EditorHideFlags: 0
  m_Script: {fileID: 11500000, guid: 9a7af2b136b99574fb2b1d335cb99909, type: 3}
  m_Name: 
  m_EditorClassIdentifier: 
  _sprites:
  - {fileID: 21300000, guid: 6e6ea1be75802594db40cd4aaabe565a, type: 3}
  - {fileID: 21300000, guid: a6d7d283f90536443b4c93947fa3cff5, type: 3}
  - {fileID: 21300000, guid: a3d3febb25eb1ef4791b246e02721694, type: 3}
  - {fileID: 21300000, guid: e887749b0bdcd8847a46d03e52ea7bf8, type: 3}
  - {fileID: 21300000, guid: 4355d5218f49b7a42afe1ef0d75d57ac, type: 3}
  - {fileID: 21300000, guid: 89ff26d3c93ab054c81053413a349b1f, type: 3}
  - {fileID: 21300000, guid: 4fd986a7da7d45048a6962b969aa2bfd, type: 3}
  - {fileID: 21300000, guid: 7ea7a8c5dcc7cc64b8cd7ba8856c8a31, type: 3}
  - {fileID: 21300000, guid: 39d6b97b8bad49d40b3d1d43eace1c8b, type: 3}
  - {fileID: 21300000, guid: 50a273942381ee744bd9dc2d1b89386e, type: 3}
  - {fileID: 21300000, guid: 7ee8ca7fa62b08e45960c312a2918269, type: 3}
  - {fileID: 21300000, guid: 5222848d4800f314fb0eb2f04ae81793, type: 3}
  - {fileID: 21300000, guid: 5be1f169396f5e842a62f181807fa11a, type: 3}
  - {fileID: 21300000, guid: 4d0ce3cbc5a181a44b9f38597b3aab49, type: 3}
  - {fileID: 21300000, guid: 7ff9de7915a53744f89340ed5cb99d71, type: 3}
  - {fileID: 21300000, guid: c6cb6d3fd8f06ef4f8c2274c055ce7cb, type: 3}
